<record><leader>00000cas a22000007a 4500</leader><controlfield tag="001">16559554</controlfield><controlfield tag="008">870825d19121946pauwr ne      0    0slo d</controlfield><datafield ind1=" " ind2=" " tag="010"><subfield code="a">sn 88080719 </subfield></datafield><datafield ind1=" " ind2=" " tag="040"><subfield code="a">NPH</subfield><subfield code="b">eng</subfield><subfield code="c">NPH</subfield><subfield code="d">OCLCQ</subfield><subfield code="d">OCLCF</subfield><subfield code="d">OCLCO</subfield><subfield code="d">OCLCQ</subfield></datafield><datafield ind1="0" ind2=" " tag="041"><subfield code="a">slo</subfield><subfield code="a">eng</subfield></datafield><datafield ind1=" " ind2=" " tag="042"><subfield code="a">msc</subfield></datafield><datafield ind1=" " ind2=" " tag="043"><subfield code="a">n-us-pa</subfield></datafield><datafield ind1="0" ind2=" " tag="130"><subfield code="a">Slovensky Obc&#780;an (Hazletonske&#769; vyd.)</subfield></datafield><datafield ind1="1" ind2="0" tag="245"><subfield code="a">Slovensky Obc&#780;an =</subfield><subfield code="b">The Slovak citizen.</subfield></datafield><datafield ind1="3" ind2="1" tag="246"><subfield code="a">Slovak citizen</subfield></datafield><datafield ind1=" " ind2=" " tag="250"><subfield code="a">Hazletonske&#769; vyd. = Hazleton ed.</subfield></datafield><datafield ind1=" " ind2=" " tag="260"><subfield code="a">Hazleton, Pa. :</subfield><subfield code="b">Citizen Pub. Co.</subfield></datafield><datafield ind1=" " ind2=" " tag="300"><subfield code="a">volumes :</subfield><subfield code="b">illustrations</subfield></datafield><datafield ind1=" " ind2=" " tag="310"><subfield code="a">Weekly</subfield></datafield><datafield ind1=" " ind2=" " tag="336"><subfield code="a">text</subfield><subfield code="b">txt</subfield><subfield code="2">rdacontent</subfield></datafield><datafield ind1=" " ind2=" " tag="337"><subfield code="a">unmediated</subfield><subfield code="b">n</subfield><subfield code="2">rdamedia</subfield></datafield><datafield ind1=" " ind2=" " tag="338"><subfield code="a">volume</subfield><subfield code="b">nc</subfield><subfield code="2">rdacarrier</subfield></datafield><datafield ind1="1" ind2=" " tag="362"><subfield code="a">Began with July 20, 1912 issue?; ceased with Aug. 16, 1946 issue?</subfield></datafield><datafield ind1=" " ind2=" " tag="500"><subfield code="a">Published in numerous editions.</subfield></datafield><datafield ind1=" " ind2=" " tag="500"><subfield code="a">Published also in Lansford, Pa.</subfield></datafield><datafield ind1="8" ind2=" " tag="521"><subfield code="a">"An American newspaper printed in the Slovak language."</subfield></datafield><datafield ind1=" " ind2=" " tag="546"><subfield code="a">In Slovak, with some advertisements and columns in English.</subfield></datafield><datafield ind1=" " ind2=" " tag="550"><subfield code="a">Official organ of: Slovak Workingmen's Brotherhood, Hazleton, Pa.; Lansford National Union, Lansford, Pa.; Slovak Workingmen's Society, McAdoo, Pa.</subfield></datafield><datafield ind1=" " ind2=" " tag="588"><subfield code="a">Description based on: Roc&#780;. 24, c&#780;i&#769;s. 41 (1. ma&#769;j., 1936).</subfield></datafield><datafield ind1=" " ind2="0" tag="650"><subfield code="a">Slovak Americans</subfield><subfield code="z">Pennsylvania</subfield><subfield code="v">Newspapers.</subfield></datafield><datafield ind1=" " ind2="7" tag="650"><subfield code="a">Slovak Americans.</subfield><subfield code="2">fast</subfield><subfield code="0">(OCoLC)fst01120985</subfield></datafield><datafield ind1=" " ind2="7" tag="651"><subfield code="a">Pennsylvania.</subfield><subfield code="2">fast</subfield><subfield code="0">(OCoLC)fst01204598</subfield></datafield><datafield ind1=" " ind2="7" tag="655"><subfield code="a">Newspapers.</subfield><subfield code="2">fast</subfield><subfield code="0">(OCoLC)fst01423814</subfield></datafield><datafield ind1="2" ind2=" " tag="710"><subfield code="a">Slovak Workingmen's Brotherhood (Hazleton, Pa.)</subfield></datafield><datafield ind1="2" ind2=" " tag="710"><subfield code="a">Lansford National Union.</subfield></datafield><datafield ind1="2" ind2=" " tag="710"><subfield code="a">Lansford National Assoc.</subfield></datafield><datafield ind1="2" ind2=" " tag="710"><subfield code="a">Slovak Workingmen's Society (McAdoo, Pa.)</subfield></datafield><datafield ind1="2" ind2=" " tag="710"><subfield code="a">Slovak Workingmen's Club (McAdoo, Pa.)</subfield></datafield><datafield ind1=" " ind2=" " tag="752"><subfield code="a">United States</subfield><subfield code="b">Pennsylvania</subfield><subfield code="c">Luzerne</subfield><subfield code="d">Hazleton.</subfield></datafield><datafield ind1=" " ind2=" " tag="752"><subfield code="a">United States</subfield><subfield code="b">Pennsylvania</subfield><subfield code="c">Carbon</subfield><subfield code="d">Lansford.</subfield></datafield><datafield ind1=" " ind2=" " tag="752"><subfield code="a">United States</subfield><subfield code="b">Pennsylvania</subfield><subfield code="c">Schuylkill</subfield><subfield code="d">McAdoo.</subfield></datafield><datafield ind1="1" ind2=" " tag="029"><subfield code="a">AU@</subfield><subfield code="b">000025790484</subfield></datafield></record>